@book{baker1974introduction,
  title={Introduction to sequencing and scheduling},
  author={Baker, Kenneth R},
  year={1974},
  publisher={John Wiley \& Sons}
}

@incollection{lenstra1977complexity,
  title={Complexity of machine scheduling problems},
  author={Lenstra, Jan Karel and Kan, AHG Rinnooy and Brucker, Peter},
  booktitle={Annals of discrete mathematics},
  volume={1},
  pages={343--362},
  year={1977},
  publisher={Elsevier}
}

@book{garey1979computers,
  title={Computers and intractability},
  author={Garey, Michael R and Johnson, David S},
  volume={174},
  year={1979},
  publisher={freeman San Francisco}
}

@incollection{lenstra1979computational,
  title={Computational complexity of discrete optimization problems},
  author={Lenstra, Jan K and Kan, AHG Rinnooy},
  booktitle={Annals of discrete mathematics},
  volume={4},
  pages={121--140},
  year={1979},
  publisher={Elsevier}
}

@article{zhang2010hybrid,
  title={A hybrid approach to large-scale job shop scheduling},
  author={Zhang, Rui and Wu, Cheng},
  journal={Applied intelligence},
  volume={32},
  number={1},
  pages={47--59},
  year={2010},
  publisher={Springer}
}

@article{salido2017rescheduling,
  title={Rescheduling in job-shop problems for sustainable manufacturing systems},
  author={Salido, Miguel A and Escamilla, Joan and Barber, Federico and Giret, Adriana},
  journal={Journal of cleaner production},
  volume={162},
  pages={S121--S132},
  year={2017},
  publisher={Elsevier}
}

@article{zhang2017flexible,
  title={Flexible job-shop scheduling/rescheduling in dynamic environment: a hybrid MAS/ACO approach},
  author={Zhang, Sicheng and Wong, Tak Nam},
  journal={International Journal of Production Research},
  volume={55},
  number={11},
  pages={3173--3196},
  year={2017},
  publisher={Taylor \& Francis}
}

@article{xiong2013robust,
  title={Robust scheduling for multi-objective flexible job-shop problems with random machine breakdowns},
  author={Xiong, Jian and Xing, Li-ning and Chen, Ying-wu},
  journal={International Journal of Production Economics},
  volume={141},
  number={1},
  pages={112--126},
  year={2013},
  publisher={Elsevier}
}

@article{sajadi2019robust,
  title={Robust and stable flexible job shop scheduling with random machine breakdowns: multi-objectives genetic algorithm approach},
  author={Sajadi, Seyed Mojtaba and Alizadeh, Azar and Zandieh, Mostafa and Tavan, Fereshteh},
  journal={International Journal of Mathematics in Operational Research},
  volume={14},
  number={2},
  pages={268--289},
  year={2019},
  publisher={Inderscience Publishers (IEL)}
}

@article{singer2001decomposition,
  title={Decomposition methods for large job shops},
  author={Singer, Marcos},
  journal={Computers \& Operations Research},
  volume={28},
  number={3},
  pages={193--207},
  year={2001},
  publisher={Elsevier}
}

@article{liu2008prediction,
  title={A prediction based iterative decomposition algorithm for scheduling large-scale job shops},
  author={Liu, Min and Hao, Jing-Hua and Wu, Cheng},
  journal={Mathematical and Computer Modelling},
  volume={47},
  number={3-4},
  pages={411--421},
  year={2008},
  publisher={Elsevier}
}

@article{zhai2014decomposition,
  title={A decomposition heuristics based on multi-bottleneck machines for large-scale job shop scheduling problems},
  author={Zhai, Yingni and Liu, Changjun and Chu, Wei and Guo, Ruifeng and Liu, Cunliang},
  journal={Journal of Industrial Engineering and Management (JIEM)},
  volume={7},
  number={5},
  pages={1397--1414},
  year={2014},
  publisher={Barcelona: OmniaScience}
}

@article{ouelhadj2009survey,
  title={A survey of dynamic scheduling in manufacturing systems},
  author={Ouelhadj, Djamila and Petrovic, Sanja},
  journal={Journal of scheduling},
  volume={12},
  number={4},
  pages={417},
  year={2009},
  publisher={Springer}
}

@article{mason2004rescheduling,
  title={Rescheduling strategies for minimizing total weighted tardiness in complex job shops},
  author={Mason, SJ and Jin, S and Wessels, CM},
  journal={International Journal of Production Research},
  volume={42},
  number={3},
  pages={613--628},
  year={2004},
  publisher={Taylor \& Francis}
}

@inproceedings{ali2019adopted,
  title={Adopted rescheduling strategy for solving the dynamic job shop using GA based Local Search},
  author={Ali, Kaouther Ben and Telmoudi, Achraf Jabeur and Gattoufi, Said},
  booktitle={2019 International Conference on Advanced Systems and Emergent Technologies (IC\_ASET)},
  pages={68--73},
  year={2019},
  organization={IEEE}
}

@article{shahsavari2013novel,
  title={A novel hybrid meta-heuristic algorithm for solving multi objective flexible job shop scheduling},
  author={Shahsavari-Pour, Nasser and Ghasemishabankareh, Behrooz},
  journal={Journal of Manufacturing Systems},
  volume={32},
  number={4},
  pages={771--780},
  year={2013},
  publisher={Elsevier}
}

@article{wang2013novel,
  title={A novel genetic algorithm for flexible job shop scheduling problems with machine disruptions},
  author={Wang, Yong Ming and Yin, Hong Li and Da Qin, Kai},
  journal={The International Journal of Advanced Manufacturing Technology},
  volume={68},
  number={5-8},
  pages={1317--1326},
  year={2013},
  publisher={Springer}
}

@article{zhang2013hybrid,
  title={A hybrid genetic algorithm and tabu search for a multi-objective dynamic job shop scheduling problem},
  author={Zhang, Liping and Gao, Liang and Li, Xinyu},
  journal={International Journal of Production Research},
  volume={51},
  number={12},
  pages={3516--3531},
  year={2013},
  publisher={Taylor \& Francis}
}

@article{lifschitz2002answer,
  title={Answer set programming and plan generation},
  author={Lifschitz, Vladimir},
  journal={Artificial Intelligence},
  volume={138},
  number={1-2},
  pages={39--54},
  year={2002},
  publisher={Elsevier}
}

@inproceedings{soininen1999developing,
  title={Developing a declarative rule language for applications in product configuration},
  author={Soininen, Timo and Niemel{\"a}, Ilkka},
  booktitle={International Symposium on Practical Aspects of Declarative Languages},
  pages={305--319},
  year={1999},
  organization={Springer}
}

@article{ricca2011team,
  title={Team-building with answer set programming in the Gioia-Tauro seaport},
  author={Ricca, Francesco and Grasso, Giovanni and Alviano, Mario and Manna, Marco and Lio, Vincenzino and Iiritano, Salvatore and Leone, Nicola},
  journal={arXiv preprint arXiv:1101.4554},
  year={2011}
}

@article{guziolowski2013exhaustively,
  title={Exhaustively characterizing feasible logic models of a signaling network using answer set programming},
  author={Guziolowski, Carito and Videla, Santiago and Eduati, Federica and Thiele, Sven and Cokelaer, Thomas and Siegel, Anne and Saez-Rodriguez, Julio},
  journal={Bioinformatics},
  volume={29},
  number={18},
  pages={2320--2326},
  year={2013},
  publisher={Oxford University Press}
}

@article{abseher2016shift,
  title={Shift design with answer set programming},
  author={Abseher, Michael and Gebser, Martin and Musliu, Nysret and Schaub, Torsten and Woltran, Stefan},
  journal={Fundamenta Informaticae},
  volume={147},
  number={1},
  pages={1--25},
  year={2016},
  publisher={IOS Press}
}

@article{gebser2019multi,
  title={Multi-shot ASP solving with clingo},
  author={Gebser, Martin and Kaminski, Roland and Kaufmann, Benjamin and Schaub, Torsten},
  journal={Theory and Practice of Logic Programming},
  volume={19},
  number={1},
  pages={27--82},
  year={2019},
  publisher={Cambridge University Press}
}
